@article{stadler2014insights,
  title={Insights into the early epidemic spread of Ebola in Sierra Leone provided by viral sequence data},
  author={Stadler, Tanja and K{\"u}hnert, Denise and Rasmussen, David A and du Plessis, Louis},
  journal={PLoS currents},
  volume={6},
  year={2014},
  publisher={Public Library of Science}
}

@article{volz2009epidemic,
  title={Epidemic thresholds in dynamic contact networks},
  author={Volz, Erik and Meyers, Lauren Ancel},
  journal={Journal of the Royal Society Interface},
  volume={6},
  number={32},
  pages={233--241},
  year={2009},
  publisher={The Royal Society}
}

@article{colijn2014phylogenetic,
  title={Phylogenetic tree shapes resolve disease transmission patterns},
  author={Colijn, Caroline and Gardy, Jennifer},
  journal={Evolution, medicine, and public health},
  volume={2014},
  number={1},
  pages={96--108},
  year={2014},
  publisher={Oxford University Press}
}

@article{leventhal2012inferring,
  title={Inferring epidemic contact structure from phylogenetic trees},
  author={Leventhal, Gabriel E and Kouyos, Roger and Stadler, Tanja and Von Wyl, Viktor and Yerly, Sabine and B{\"o}ni, J{\"u}rg and Cellerai, Cristina and Klimkait, Thomas and G{\"u}nthard, Huldrych F and Bonhoeffer, Sebastian and others},
  journal={PLoS Comput Biol},
  volume={8},
  number={3},
  pages={e1002413--e1002413},
  year={2012}
}

@article{albert2002statistical,
  title={Statistical mechanics of complex networks},
  author={Albert, R{\'e}ka and Barab{\'a}si, Albert-L{\'a}szl{\'o}},
  journal={Reviews of modern physics},
  volume={74},
  number={1},
  pages={47},
  year={2002},
  publisher={APS}
}

@article{poon2013mapping,
  title={Mapping the shapes of phylogenetic trees from human and zoonotic RNA viruses},
  author={Poon, Art FY and Walker, Lorne W and Murray, Heather and McCloskey, Rosemary M and Harrigan, P Richard and Liang, Richard H},
  year={2013}
}
