# Tree Kernel

@inproceedings{moschitti2006making,
  title={Making Tree Kernels Practical for Natural Language Learning.},
  author={Moschitti, Alessandro},
  booktitle={EACL},
  volume={113},
  number={120},
  pages={24},
  year={2006}
}

# Kernel-ABC

@article{poon2015phylodynamic,
  title={Phylodynamic inference with kernel ABC and its application to HIV epidemiology},
  author={Poon, Art FY},
  journal={Molecular biology and evolution},
  pages={msv123},
  year={2015},
  publisher={SMBE}
}

# Phylodynamics / Contact Networks

@article{leventhal2012inferring,
  title={Inferring epidemic contact structure from phylogenetic trees},
  author={Leventhal, Gabriel E and Kouyos, Roger and Stadler, Tanja and Von
Wyl, Viktor and Yerly, Sabine and B{\"o}ni, J{\"u}rg and Cellerai, Cristina and
Klimkait, Thomas and G{\"u}nthard, Huldrych F and Bonhoeffer, Sebastian},
  journal={PLoS Comput Biol},
  volume={8},
  number={3},
  pages={e1002413--e1002413},
  year={2012}
}

@article{colijn2014phylogenetic,
  title={Phylogenetic tree shapes resolve disease transmission patterns},
  author={Colijn, Caroline and Gardy, Jennifer},
  journal={Evolution, medicine, and public health},
  volume={2014},
  number={1},
  pages={96--108},
  year={2014},
  publisher={Oxford University Press}
}

# Other Statistics

@article{duchene2015evaluating,
  title={Evaluating the adequacy of molecular clock models using posterior predictive simulations},
  author={Duch{\^e}ne, David A and Duch{\^e}ne, Sebastian and Holmes, Edward C and Ho, Simon YW},
  journal={Molecular biology and evolution},
  pages={msv154},
  year={2015},
  publisher={SMBE}
}
